%
% Modified by Sameer Vijay
% Last Change: Wed Jul 27 2005 13:00 CEST
%

@misc{autodesk:_inventor,
  author = {{Autodesk}},
  title = "Inventor Professional-grade 3D CAD software for product design and engineering",
  howpublished = {\url{https://www.autodesk.com/products/inventor/overview}}
}

@PhdThesis{battaglia15:_iceball_176lu,
  author = 	 "Anthony Battaglia",
  title = 	 "Conversion Coefficients Measurements of $^{176}$Lu Using ICEBall",
  school = 	 "University of Notre Dame",
  year = 	 "2015",
  month =	 "May"
}

@book{bevington03:_error,
  author    = "Philip R. Bevington and D. Keith Robinson", 
  title     = :Data Reduction and Error Analysis for the Physical Sciences",
  publisher = "McGraw-Hill",
  year      = "2003",
  edition   = "3rd",
  isbn      = "0-07-247227-8"
}

@Article{biedenharn53:_theory_angular_corr,
  author =	 "L.~C. Biedenharn and M.~E. Rose",
  title = 	 "Theory of Angular Correlation of Nuclear Radiations",
  journal = 	 "Reviews of Modern Physics",
  year = 	 "1953",
  volume =	 "25",
  number =	 "3",
  month =	 "July",
  pages =	 "729-777"
}

@book{blatt79:_emradiation,
  author = "John M. Blatt and Victor F. Weisskopf",
  title = "Theoretical Nuclear Physics",
  publisher = "Springer-Verlag New York Inc.",
  year = "1979"
}

@article{brun97:_root,
  title = "ROOT — An object oriented data analysis framework",
  journal = "Nuclear Instruments and Methods in Physics Research Section A: Accelerators, Spectrometers, Detectors and Associated Equipment",
  volume = "389",
  number = "1",
  pages = "81 - 86",
  year = "1997",
  note = "New Computing Techniques in Physics Research V",
  issn = "0168-9002",
  doi = "https://doi.org/10.1016/S0168-9002(97)00048-X",
  url = "http://www.sciencedirect.com/science/article/pii/S016890029700048X",
  author = "Rene Brun and Fons Rademakers"
}

@book{casten90:_structure,
  author = "Richard F. Casten",
  title = "Nuclear Structure from a Simple Perspective",
  publisher = "Oxford University Press, Inc.",
  year = "1990",
  edition = "1st"
}

@book{choppin13:_nilsson,
author = "Gregory Choppin and Jan-Olov Liljenzin and Jan Rydberg and Christian Ekberg",
editor = "Gregory Choppin and Jan-Olov Liljenzin and Jan Rydberg and Christian Ekberg",
title = "Radiochemistry and Nuclear Chemistry",
publisher = "Academic Press",
edition = "4th",
address = "Oxford",
year = "2013",
%isbn = "978-0-12-405897-2",
%doi = "https://doi.org/10.1016/B978-0-12-405897-2.00006-9",
%url = "http://www.sciencedirect.com/science/article/pii/B9780124058972000069",
%keywords = "Nuclear structure, Rotational energy, Angular momentum, Magnetic moment, Single-particle shell model, Nucleon spin–orbit coupling, Deformed nuclei, Zeeman effect, Radioactive decay, Fissionability parameter",
}

@Article{church56:_monopole,
  author =	 "E.~L. Church and J. Weneser",
  title = 	 "Electric-Monopole Transitions in Atomic Nuclei",
  journal = 	 "Physical Review",
  year = 	 "1956",
  month = "August",
  volume = "103",
  number =	 "4",
  pages =	 "1035-1044"
}

@Article{clifford02:_target,
  author =	 "S. Clifford and Xu Guo-ji and C. Ingelbrecht and M.~J. Pomeroy",
  title = 	 "Processes for the production of ultra-pure metals from oxide and their cold rolling to ultra-thin foils for use as targets and as reference materials",
  journal = 	 "Nuclear Instruments and Methods in Physics Research A",
  year = 	 "2002",
  number =	 "480",
  pages =	 "29-35"
}

@article{delaroche10:_systematics,
  title = {Structure of even-even nuclei using a mapped collective Hamiltonian and the D1S Gogny interaction},
  author = {Delaroche, J. -P. and Girod, M. and Libert, J. and Goutte, H. and Hilaire, S. and P\'eru, S. and Pillet, N. and Bertsch, G. F.},
  journal = {Physical Review C},
  volume = {81},
  issue = {1},
  pages = {014303},
  numpages = {23},
  year = {2010},
  month = {Jan},
  publisher = {American Physical Society},
  %doi = {10.1103/PhysRevC.81.014303},
  %url = {https://link.aps.org/doi/10.1103/PhysRevC.81.014303}
}


@Article{fano47:_factor,
  author =	 "U. Fano",
  title = 	 "Ionization Yield of radiation II. The Fluctuations of the Number of Ions",
  journal = 	 "Physical Review",
  year = 	 "1947",
  volume =	 "72",
  number =	 "1",
  month =	 "July",
  pages =	 "26-29"
}

@Article{gono74:_154gd_e0,
  author =	 "Y. Gono and T.~T. Sugihara",
  title = 	 "Electric monopole admixtures in interband transitions of $^{154}${Gd}",
  journal = 	 "Physical Review C",
  year = 	 "1974",
  volume = "10",
  number =	 "6",
  pages = "2460-2466"
}

@Article{heyde11:_shape_coexist,
  author =	 "K. Heyde and J.~L. Wood",
  title = 	 "Shape coexistence in atomic nuclei",
  journal = 	 "Reviews of Modern Physics",
  year = 	 "2011",
  volume =	 "83",
  pages =	 "1467-1521"
}

@misc{isnap18:_georgina,
  author = {{Institute for Nuclear Astrophysics}},
  title = "GEORGINA A compact Ge-detector Array",
  howpublished = {\url{https://isnap.nd.edu/research/facility/experimental/georgina/}},
  year = "2018"
}

@book{jackson99:_emradiation,
  author = "John David Jackson",
  title = "Classical Electrodynamics",
  publisher = "John Wiley \& Sons Inc.",
  year = "1999",
  edition = "3rd"
}

@Article{kibedi08:_BRICC,
  author =	 "T. Kib{\'e}di and  T.~W. Burrows and  M.~B. Trzhaskovskaya and  P.~M. Davidson and  C.~W. Nestor Jr.",
  title = 	 "Evaluation of theoretical conversion coefficients using BrIcc",
  journal = 	 "Nuclear Instrumentation and Methods A",
  year = 	 "2008",
  volume = "589",
  pages = "202-229"
}

@book{knoll00:rad_det_meas,
  author = "Glenn F. Knoll",
  title = "Radiation Detection and Measurement",
  publisher = "John Wiley \& Sons Inc.",
  year = "2000",
  edition = "3rd"
}

@Article{kobisk79:_target,
  author =	 "E.~H. Kobisk and H.~L. Adair",
  title = 	 "Conversion of Isotope Compounds to Metals by Reduction-Distillation Methods",
  journal = 	 "Nuclear Instrumentation and Methods",
  year = 	 "1979",
  number =	 "167",
  pages =	 "153-160"
}

@conference{koning07:_talys,
    author    = "A.~J. Koning and S. Hilaire and M.~C. Duijvestijn",
    title     = "TALYS-1.0",
    booktitle = "Proceedings of the International Conference on Nuclear Data for Science and Technology",
    editor   = "O. Bersillon and F. Gunsing and E. Bauge and R. Jacqmin and S. Leray",
    pages    = "211-214",
    address  = "Nice, France",
    year      = "2007",
    month    = "April 22-27",
    publisher= "EDP Sciences",
    %volume   = "",
    %number   = "",
    %series   = "",
    %note     = "",
}

@Article{konijn81:_156gd,
  author =	 "Jan Konijn and F.~W.~N. De Boer and A. Van Poelgeest and W.~H.~A. Hesselink and M.~J.~A. De Voigt and H. Verheul",
  title = 	 "The level structure of $^{156}${Gd} studied by means of the $(\alpha,2n\gamma)$ reaction",
  journal = 	 "Nuclear Physics A",
  year = 	 "1981",
  volume = "352",
  pages = "191-220"
}

@Article{krane70:_delta_mixing,
  author =	 "K.~S. Krane and R.~M. Steffen",
  title = 	 "Theory of Angular Correlation of Nuclear Radiations",
  journal = 	 "Reviews of Modern Physics",
  year = 	 "1953",
  volume =	 "25",
  number =	 "3",
  month =	 "July",
  pages =	 "729-777"
}

@article{lesher02:_158gd,
  title = {New ${0}^{+}$ states in ${}^{158}\mathrm{Gd}$},
  author = {Lesher, S. R. and Aprahamian, A. and Trache, L. and Oros-Peusquens, A. and Deyliz, S. and Gollwitzer, A. and Hertenberger, R. and Valnion, B. D. and Graw, G.},
  journal = {Physical Review C},
  volume = {66},
  issue = {5},
  pages = {051305},
  numpages = {4},
  year = {2002},
  month = {Nov},
  publisher = {American Physical Society},
  %doi = {10.1103/PhysRevC.66.051305},
  %url = {https://link.aps.org/doi/10.1103/PhysRevC.66.051305}
}



@misc{mesytec:_PSD,
  author = {{Mesytec}},
  title = "Mesytec MPD-4",
  howpublished = {\url{https://www.mesytec.com/products/nuclear-physics/MPD-4.html}}
}

@PhdThesis{metlay92:_iceball_comm,
  author = 	 "M.~P. Metlay",
  title = 	 "Development Of A Multiple-Element Conversion-Electron Spectrometer Array And Investigation Of Transition Multipolarities In $^{130}$Ce",
  school = 	 "University of Pittsburgh",
  year = 	 "1992",
  month =	 "May"
}

@Article{metlay93:_iceball_comm,
  author =	 "M.~P. Metlay and J.~X. Saladin and I.~Y. Lee and O. Dietzsch",
  title = 	 "The ICEBall: a multi- ple element array for in-beam internal conversion electron spectroscopy",
  journal = 	 "Nuclear Instruments and Methods in Physics Research Section A: Accelerators, Spectrometers, Detectors and Associated Equipment",
  year = 	 "1993",
  volume =	 "336",
  number =	 "1",
  month =	 "November",
  pages =	 "162-170"
}

@article{meyer06:_zeroplus,
author = "D.A. Meyer and V. Wood and R.F. Casten and C.R. Fitzpatrick and G. Graw and D. Bucurescu and J. Jolie and P. von Brentano and R. Hertenberger and H.-F. Wirth and N. Braun and T. Faestermann and S. Heinze and J.L. Jerke and R. Krücken and M. Mahgoub and O. Möller and D. Mücher and C. Scholl",
title = "Enhanced density of low-lying 0+ states: A corroboration of shape phase transitional behavior",
journal = "Physics Letters B",
volume = "638",
number = "1",
pages = "44 - 49",
year = "2006",
%issn = "0370-2693",
%doi = "https://doi.org/10.1016/j.physletb.2006.05.007",
%url = "http://www.sciencedirect.com/science/article/pii/S0370269306005594",
%abstract = "A (p, t) study of eight nuclei in the rare earth region identified 96 0+ states (67 new). Their density at low energy is used to corroborate a fundamental property of quantum phase transitional behavior and to provide a new signature of nuclei near the critical point."
}

@misc{nec:_pelletron,
  author = {{National Electrostatics Corporation}},
  title = "Pelletron Charging System",
  howpublished = {\url{http://www.pelletron.com/products/pelletron-charging-chains/}
}

@webpage{nndc:_chart,
  author = {{Brookhaven National Laboratory}},
  title = "Chart of Nuclides",
  howpublished = {\url{http://www.nndc.bnl.gov/}},
  year = "2019",
  month = "March"
}

@misc{nscl:_daq,
  author = "National Superconducting Cyclotron Laboratory",
  title = "NSCL data Acquisition Documentation",
  howpublished = {\url{http://docs.nscl.msu.edu/daq/}}
}

@misc{ortec:_fastamp,
  author = {{AMETEK ORTEC}},
  title = "579 fast-Filter Amplifier",
  howpublished = {\url{https://www.ortec-online.com/products/electronics/amplifiers/579}}}
}

@techreport{osborn53:_angular_corr_3,
  author = "R.~K. Osborn and M.~E. Rose",
  title = "1-3$\gamma$ Correlation with Mixtures and Polarization",
  institution = "Oak Ridge National Laboratory",
  year = "1953",
  month = "June",
  number = "1560"
}

@Article{perigo91:_target,
  author =	 "R. Perigo and P. Favaion and G. Manente and A. Cecchi and L. Pieraccini",
  title = 	 "The reduction of rare earth oxides to metal and their subsequent rolling",
  journal = 	 "Nuclear Instruments and Methods in Physics Research A",
  year = 	 "1991",
  number =	 "303",
  pages =	 "146-151"
}

@article{prokop14:_nsclddas,
  title = "Digital data acquisition system implementation at the National Superconducting Cyclotron Laboratory",
  journal = "Nuclear Instruments and Methods in Physics Research Section A: Accelerators, Spectrometers, Detectors and Associated Equipment",
  volume = "741",
  pages = "163 - 168",
  year = "2014",
  issn = "0168-9002",
  doi = "https://doi.org/10.1016/j.nima.2013.12.044",
  url = "http://www.sciencedirect.com/science/article/pii/S0168900213017488",
  author = "C.J. Prokop and S.N. Liddick and B.L. Abromeit and A.T. Chemey and N.R. Larson and S. Suchyta and J.R. Tompkins",
  keywords = "Digital data acquisition, Digital filtering ADC"
}

@misc{radford00:_radware,
  author = "D.~C. Radford",
  title = "Notes on the use of the program gf3", 
  howpublished = {\url{http://radware.phy.ornl.gov/gf3/}},
  year = "2000",
  month = "May"
  }

@Article{reingold19:_HECTOR,
  author = "C.~S. Reingold and  O. Olivas-Gomez and  A. Simon and J. Arroyo and  M. Chamberlain and J. Wurzer and A. Spyrou and F. Naqvi and A.~C. Dombos and A. Palmisano and T. Anderson and A.~M. Clark and B. Frentz and  M.~R. Hall and S.~L. Henderson and S. Moylan and D. Robertson and M. Skulski and E. Stech and S.~Y. Strauss and W.~P. Tan and B. Vande Kolk",
  title = "High Efficiency Total Absorption Spectrometer HECTOR for capture reaction measurements",
  journal = "The European Physical Journal A",
  year = "2019",
  volume = "55",
  number = "77",
  doi = "10.1140/epja/i2019-12748-8"
}

@Article{rose51:_internal_conversion,
  author = 	 "M.~E. Rose and G.~H. Goertzel and B.~I. Spinrad and J. Harr and P. Strong",
  title = 	 "The Internal Conversion Coefficients. I. The $K$-Shell",
  journal = 	 "Physical Review",
  year = 	 "1951",
  volume =	 "83",
  number =	 "1",
  pages =	 "79-87",
  month =	 "July"
}

@Article{rose52:_internal_conversion,
  author = 	 "M.~E. Rose and L.~C. Biedenharn and G.~B. Arfken",
  title = 	 "Internal Conversion Angular Correlations",
  journal = 	 "Physical Review",
  year = 	 "1952",
  volume =	 "85",
  number =	 "1",
  pages =	 "5-16",
  month =	 "January"
}

@techreport{rose53:_angular_corr_supp,
  author = "M.~E. Rose",
  title = "Supplementary Remarks on Angular Correlation",
  institution = "Oak Ridge National Laboratory",
  year = "1953",
  month = "June",
  number = "1555"
}

@book{roy67:_e0,
  author = "R.~R. Roy and B.~P. Nigam",
  title = "Nuclear Physics Theory and Experiment",
  publisher = "John Wiley \& Sons Inc.",
  year = "1967",
  edition = "1st"
}

@book{segre77:_icradiation,
  author = "Emilio Segr{\'e}",
  title = "Nuclei and Particles",
  publisher = "Basic Books",
  year = "1977",
  edition = "2nd"
}

@misc{smith14:_evt2root,
  author = "K. Smith",
  title = "evt2root Package",
  howpublished = {\url{https://github.com/ksmith0/evt2root/blob/master/README}},
  year = "2014",
  month = "March"
}

@misc{spits96:_154gd,
  author = "A.~M.~J. Spits and P.~H.~M. Van Assche and H.~G. B{\"o}rner and W.~F. Davidson K. Schreckenbach and G.~G. Colvin and R.~C. Greenwood and C.~W. Reich and P.~O.Lipas and J. Suhonen and P. Sinkko and A. B{\"a}cklin",
  title = "Spectroscopy of the $^{153}${Gd} and $^{154}${Gd} Isotopes",
  year = "1996",
  note = "in BLG-703, edited by A.~M.~J. Spits and A. B{\"a}cklin",
}

@Article{stolarz14:_target,
  author =	 "A. Stolarz",
  title = 	 "Target preparation for research with charged projectiles",
  journal = 	 "Journal of Radioanalytical and Nuclear Chemistry",
  year = 	 "2014",
  number =	 "299",
  pages =	 "913-931"
}

@Article{trzaska90:_calibration,
  author =	 "W.~H. Trzaska",
  title = 	 "Recommended data on selected gamma-ray and conversion-electron calibration sources",
  journal = 	 "Nuclear Instruments and Methods in Physics Research A",
  year = 	 "1990",
  volume = "297",
  number =	 "2",
  pages = "223-229"
}

@Article{vanklinken72:mini_orange,
  author =	 "J. Van Klinken and K. Wisshak",
  title = 	 "Conversion Electrons Separated from High Background",
  journal = 	 "Nuclear Instruments and Methods",
  year = 	 "1972",
  volume = "98",
  pages =	 "1-8"
}

@Article{vanklinken75:mini_orange,
  author =	 "J. Van Klinken and S.~J. Feenstra and K. Wisshak and H. Faust",
  title = 	 "Mini-Orange Spectrometers for In- and Off-Beam Observation of Conversion Electrons",
  journal = 	 "Nuclear Instruments and Methods",
  year = 	 "1975",
  volume = "130",
  pages =	 "427-441"
}

@book{wong90:_nuclear,
  author = "Samuel S.~M. Wong",
  title = "Introductory Nuclear Physics",
  publisher = "Prentice-Hall, Inc.",
  year = "1990",
  edition = "1st"
}

@Article{wood99:_e0,
  author =	 "J.~L. Wood and E.~F. Zganjar and C. De Coster and K. Heyde",
  title = 	 "Electric monopole transitions from low energy excitations in nuclei",
  journal = 	 "Nuclear Physics A",
  year = 	 "1999",
  number =	 "651",
  pages =	 "323-368"
}

@misc{xia:_pixie,
  author = {{Xia}},
  title = "Pixie-16, 16-channel PXI Digital Pulse Processor",
  howpublished={\url{https://www.xia.com/DGF_Pixie-16.html}},
  year = "2016",
 }
 
 @book{zangwill13:_emradiation,
  author = "Andrew Zangwill",
  title = "Modern Electrodynamics",
  publisher = "Cambridge University Press",
  year = "2013",
  edition = "1st"
}

@Article{zganjar16:_e0_shape,
  author =	 "E.~F. Zganjar",
  title = 	 "Conversion electron spectroscopy and its role in identifying shape coexisting structures in nuclei via E0 transitions",
  journal = 	 "Journal of Physics G: Nuclear and Particle Physics",
  year = 	 "2016",
  volume = "43",
  number =	 "2"
}